@misc{youtubeapi,
  title        = "{YouTube Data API v3}",
  author       = "{Google}",
  howpublished = "\url{https://developers.google.com/youtube/v3/docs}",
}

@online{youtube-stats,
    title={{How Many Hours of Video Are Uploaded to YouTube Every Minute?}}, 
    author = {Smith, Michael},
    url={https://www.marketingscoop.com/marketing/how-many-hours-of-video-are-uploaded-to-youtube-every-minute/}, 
    publisher={Marketing Scoop}, 
    year={2024}, 
    day={18},
    month={Nov},
    howpublished = "\url{https://www.marketingscoop.com/marketing/how-many-hours-of-video-are-uploaded-to-youtube-every-minute/}"
}

@online{YouTubeThumbnail, 
    title={{Thumbnail and title tips}},
    url={https://support.google.com/youtube/answer/12340300}, 
    journal={YouTube Help}, 
    publisher={YouTube},
    author={YouTube},    
howpublished = "\url{https://support.google.com/youtube/answer/12340300}"
} 









@article{serengil2024lightface,
  title         = {A Benchmark of Facial Recognition Pipelines and Co-Usability Performances of Modules},
  author        = {Serengil, Sefik Ilkin and Ozpinar, Alper},
  journal       = {Bilisim Teknolojileri Dergisi},
  volume        = {17},
  number        = {2},
  pages         = {95-107},
  year          = {2024},
  doi           = {10.17671/gazibtd.1399077},
  url           = {https://dergipark.org.tr/en/pub/gazibtd/issue/84331/1399077},
  publisher     = {Gazi University}
}

@inproceedings{serengil2020lightface,
  title        = {LightFace: A Hybrid Deep Face Recognition Framework},
  author       = {Serengil, Sefik Ilkin and Ozpinar, Alper},
  booktitle    = {2020 Innovations in Intelligent Systems and Applications Conference (ASYU)},
  pages        = {23-27},
  year         = {2020},
  doi          = {10.1109/ASYU50717.2020.9259802},
  url          = {https://ieeexplore.ieee.org/document/9259802},
  organization = {IEEE}
}



@monline{YouTubeBlog, 
    title={{Letter from the YouTube CEO: 4 big bets for 2024}}, 
    url={https://blog.youtube/inside-youtube/2024-letter-from-neal/}, 
    journal={YouTube Official Blog}, 
    publisher={YouTube}, 
    author={Mohan, Neal}, 
    year={2024}, 
    month={Feb},
    howpublished = "\url{https://blog.youtube/inside-youtube/2024-letter-from-neal/}"
} 

@online{YouTubeHours, 
    title={{Hours of video uploaded to YouTube every minute as of February 2022}},
    url={https://www.statista.com/statistics/259477/hours-of-video-uploaded-to-youtube-every-minute/}, 
    journal={Statista}, 
    publisher={Statista},
    author={Statista},
    howpublished = "\url{https://www.statista.com/statistics/259477/hours-of-video-are-uploaded-to-youtube-every-minute/}",
} 


@online{YouTubeAlgorithm, 
    title={{How the YouTube Algorithm Works in 2024}},
    url={https://blog.hootsuite.com/youtube-algorithm/}, 
    journal={Hootsuite Blog}, 
    publisher={Hootsuite},
    author={Hootsuite},    
    howpublished = "\url{https://blog.hootsuite.com/youtube-algorithm/}"
}

@article{opencv_library,
    author = {Bradski, G.},
    citeulike-article-id = {2236121},
    journal = {Dr. Dobb's Journal of Software Tools},
    keywords = {bibtex-import},
    posted-at = {2008-01-15 19:21:54},
    priority = {4},
    title = {{The OpenCV Library}},
    year = {2000}
}

@book{HSL, 
    place={London}, 
    title={Computer Graphics and Geometric Modeling}, 
    publisher={Springer}, 
    author={Agoston, Max K.}, 
    year={2005}
} 

@article{contrast, 
    title={Contrast in complex images}, 
    volume={7}, 
    DOI={10.1364/josaa.7.002032}, 
    number={10}, 
    journal={Journal of the Optical Society of America}, 
    author={Peli, Eli}, 
    year={1990}, 
    month={Oct}, 
    pages={2032}
} 

@online{colorquantization,
    title={{Color quantization}},
    url={https://en.wikipedia.org/wiki/Color_quantization}, 
    publisher={Wikipedia}, 
    howpublished = "\url{https://en.wikipedia.org/wiki/Color_quantization}"
}
@INPROCEEDINGS{sharpness,
  author={Pech-Pacheco, J.L. and Cristobal, G. and Chamorro-Martinez, J. and Fernandez-Valdivia, J.},
  booktitle={Proceedings 15th International Conference on Pattern Recognition. ICPR-2000}, 
  title={Diatom autofocusing in brightfield microscopy: a comparative study}, 
  year={2000},
  volume={3},
  number={},
  pages={314-317 vol.3},
  keywords={Microscopy;Focusing;Geologic measurements;Laplace equations;Pixel;Noise robustness;Acoustic noise;Performance evaluation;Performance analysis;Size measurement},
  doi={10.1109/ICPR.2000.903548}
}